{
  "leader": "01979cam a2200493Ii 4500",
  "fields": [
    {
      "001": "ocm05354396\\"
    },
    {
      "003": "OCoLC"
    },
    {
      "005": "20220104132602.0"
    },
    {
      "008": "790909s1979\\\\\\\\nyua\\\\\\\\\\b\\\\\\\\000\\0\\eng\\\\"
    },
    {
      "007": "ta"
    },
    {
      "010": {
        "ind1": "\\",
        "ind2": "\\",
        "subfields": [
          {
            "a": "   78071589 "
          }
        ]
      }
    },
    {
      "040": {
        "ind1": "\\",
        "ind2": "\\",
        "subfields": [
          {
            "a": "DLC"
          },
          {
            "b": "eng"
          },
          {
            "c": "DLC"
          },
          {
            "d": "OCL"
          },
          {
            "d": "IND"
          },
          {
            "d": "OCL"
          },
          {
            "d": "YDXCP"
          },
          {
            "d": "AU@"
          },
          {
            "d": "LGG"
          },
          {
            "d": "TULIB"
          },
          {
            "d": "OCLCO"
          },
          {
            "d": "OCLCF"
          },
          {
            "d": "P4I"
          },
          {
            "d": "OCLCQ"
          },
          {
            "d": "TPA"
          },
          {
            "d": "GZM"
          },
          {
            "d": "U3G"
          },
          {
            "d": "AGL"
          }
        ]
      }
    },
    {
      "019": {
        "ind1": "\\",
        "ind2": "\\",
        "subfields": [
          {
            "a": "4630224"
          },
          {
            "a": "232942580"
          },
          {
            "a": "1086697389"
          }
        ]
      }
    },
    {
      "020": {
        "ind1": "\\",
        "ind2": "\\",
        "subfields": [
          {
            "a": "0275903923"
          },
          {
            "z": "0030491460"
          }
        ]
      }
    },
    {
      "020": {
        "ind1": "\\",
        "ind2": "\\",
        "subfields": [
          {
            "a": "9780275903923"
          }
        ]
      }
    },
    {
      "020": {
        "ind1": "\\",
        "ind2": "\\",
        "subfields": [
          {
            "a": "0275914798"
          },
          {
            "z": "003491517"
          }
        ]
      }
    },
    {
      "020": {
        "ind1": "\\",
        "ind2": "\\",
        "subfields": [
          {
            "a": "9780275914790"
          }
        ]
      }
    },
    {
      "020": {
        "ind1": "\\",
        "ind2": "\\",
        "subfields": [
          {
            "a": "9780030491467"
          }
        ]
      }
    },
    {
      "020": {
        "ind1": "\\",
        "ind2": "\\",
        "subfields": [
          {
            "a": "0030491460"
          }
        ]
      }
    },
    {
      "035": {
        "ind1": "\\",
        "ind2": "\\",
        "subfields": [
          {
            "a": "(OCoLC)5354396"
          },
          {
            "z": "(OCoLC)4630224"
          },
          {
            "z": "(OCoLC)232942580"
          },
          {
            "z": "(OCoLC)1086697389"
          }
        ]
      }
    },
    {
      "043": {
        "ind1": "\\",
        "ind2": "\\",
        "subfields": [
          {
            "a": "n-us---"
          }
        ]
      }
    },
    {
      "050": {
        "ind1": "1",
        "ind2": "0",
        "subfields": [
          {
            "a": "HF1411"
          },
          {
            "b": ".M243"
          }
        ]
      }
    },
    {
      "050": {
        "ind1": "0",
        "ind2": "4",
        "subfields": [
          {
            "a": "HC59.7"
          },
          {
            "b": ".M218"
          }
        ]
      }
    },
    {
      "070": {
        "ind1": "\\",
        "ind2": "\\",
        "subfields": [
          {
            "a": "HC59.M35"
          }
        ]
      }
    },
    {
      "082": {
        "ind1": "0",
        "ind2": "4",
        "subfields": [
          {
            "a": "337"
          },
          {
            "b": "MCL"
          }
        ]
      }
    },
    {
      "100": {
        "ind1": "1",
        "ind2": "\\",
        "subfields": [
          {
            "a": "McLaughlin, Martin Michael."
          }
        ]
      }
    },
    {
      "245": {
        "ind1": "1",
        "ind2": "4",
        "subfields": [
          {
            "a": "The United States and world development :"
          },
          {
            "b": "agenda, 1979 /"
          },
          {
            "c": "Martin M. McLaughlin and the staff of the Overseas Development Council."
          }
        ]
      }
    },
    {
      "260": {
        "ind1": "\\",
        "ind2": "\\",
        "subfields": [
          {
            "a": "New York :"
          },
          {
            "b": "Published for the Overseas Development Council [by] Praeger Publishers,"
          },
          {
            "c": "1979."
          }
        ]
      }
    },
    {
      "300": {
        "ind1": "\\",
        "ind2": "\\",
        "subfields": [
          {
            "a": "268 pages :"
          },
          {
            "b": "illustrations ;"
          },
          {
            "c": "25 cm"
          }
        ]
      }
    },
    {
      "336": {
        "ind1": "\\",
        "ind2": "\\",
        "subfields": [
          {
            "a": "text"
          },
          {
            "b": "txt"
          },
          {
            "2": "rdacontent"
          }
        ]
      }
    },
    {
      "337": {
        "ind1": "\\",
        "ind2": "\\",
        "subfields": [
          {
            "a": "unmediated"
          },
          {
            "b": "n"
          },
          {
            "2": "rdamedia"
          }
        ]
      }
    },
    {
      "338": {
        "ind1": "\\",
        "ind2": "\\",
        "subfields": [
          {
            "a": "volume"
          },
          {
            "b": "nc"
          },
          {
            "2": "rdacarrier"
          }
        ]
      }
    },
    {
      "490": {
        "ind1": "1",
        "ind2": "\\",
        "subfields": [
          {
            "a": "Praeger special studies"
          }
        ]
      }
    },
    {
      "504": {
        "ind1": "\\",
        "ind2": "\\",
        "subfields": [
          {
            "a": "Includes bibliographical references."
          }
        ]
      }
    },
    {
      "650": {
        "ind1": "\\",
        "ind2": "0",
        "subfields": [
          {
            "a": "International economic relations."
          }
        ]
      }
    },
    {
      "651": {
        "ind1": "\\",
        "ind2": "0",
        "subfields": [
          {
            "a": "United States"
          },
          {
            "x": "Foreign economic relations."
          }
        ]
      }
    },
    {
      "650": {
        "ind1": "\\",
        "ind2": "7",
        "subfields": [
          {
            "a": "International economic relations."
          },
          {
            "2": "fast"
          },
          {
            "0": "(OCoLC)fst00976891"
          }
        ]
      }
    },
    {
      "651": {
        "ind1": "\\",
        "ind2": "7",
        "subfields": [
          {
            "a": "United States."
          },
          {
            "2": "fast"
          },
          {
            "0": "(OCoLC)fst01204155"
          }
        ]
      }
    },
    {
      "710": {
        "ind1": "2",
        "ind2": "\\",
        "subfields": [
          {
            "a": "Overseas Development Council."
          }
        ]
      }
    },
    {
      "776": {
        "ind1": "0",
        "ind2": "8",
        "subfields": [
          {
            "i": "Online version:"
          },
          {
            "a": "McLaughlin, Martin Michael."
          },
          {
            "t": "United States and world development."
          },
          {
            "d": "New York : Published for the Overseas Development Council [by] Praeger Publishers, 1979"
          },
          {
            "w": "(OCoLC)648633962"
          }
        ]
      }
    },
    {
      "830": {
        "ind1": "\\",
        "ind2": "0",
        "subfields": [
          {
            "a": "Praeger special studies."
          }
        ]
      }
    },
    {
      "994": {
        "ind1": "\\",
        "ind2": "\\",
        "subfields": [
          {
            "a": "Z0"
          },
          {
            "b": "NYRVC"
          }
        ]
      }
    },
    {
      "948": {
        "ind1": "\\",
        "ind2": "\\",
        "subfields": [
          {
            "h": "NO HOLDINGS IN NYRVC - 308 OTHER HOLDINGS"
          }
        ]
      }
    },
    {
      "999": {
        "ind1": "\\",
        "ind2": "\\",
        "subfields": [
          {
            "a": "00000000026275"
          }
        ]
      }
    }
  ]
}